<record><leader>00000cas a22000007a 4500</leader><controlfield tag="001">10336463</controlfield><controlfield tag="008">840125c19329999njudr ne      0    0eng d</controlfield><datafield ind1=" " ind2=" " tag="010"><subfield code="a">sn 84026210 </subfield></datafield><datafield ind1=" " ind2=" " tag="040"><subfield code="a">NPU</subfield><subfield code="b">eng</subfield><subfield code="c">NPU</subfield><subfield code="d">DLC</subfield><subfield code="d">NPU</subfield><subfield code="d">NPA</subfield><subfield code="d">NJW</subfield><subfield code="d">DLC</subfield><subfield code="d">CUS</subfield><subfield code="d">CUI</subfield><subfield code="d">OCLCQ</subfield><subfield code="d">OCLCF</subfield></datafield><datafield ind1="1" ind2=" " tag="029"><subfield code="a">AU@</subfield><subfield code="b">000025840931</subfield></datafield><datafield ind1=" " ind2=" " tag="037"><subfield code="b">988 Main Avenue, Passaic, N.J. 07055</subfield></datafield><datafield ind1=" " ind2=" " tag="042"><subfield code="a">msc</subfield></datafield><datafield ind1=" " ind2=" " tag="043"><subfield code="a">n-us-nj</subfield></datafield><datafield ind1="0" ind2="0" tag="050"><subfield code="a">Newspaper 7002</subfield></datafield><datafield ind1="0" ind2=" " tag="130"><subfield code="a">Herald-news (Passaic, N.J.)</subfield></datafield><datafield ind1="1" ind2="4" tag="245"><subfield code="a">The herald-news.</subfield></datafield><datafield ind1=" " ind2=" " tag="260"><subfield code="a">Passaic, N.J. :</subfield><subfield code="b">[Dow H. Drukker]</subfield></datafield><datafield ind1=" " ind2=" " tag="300"><subfield code="a">v. :</subfield><subfield code="b">ill. ;</subfield><subfield code="c">59 cm.</subfield></datafield><datafield ind1=" " ind2=" " tag="310"><subfield code="a">Daily</subfield></datafield><datafield ind1="1" ind2=" " tag="362"><subfield code="a">Began with Apr. 4, 1932 issue.</subfield></datafield><datafield ind1=" " ind2=" " tag="500"><subfield code="a">Issues for Jan. 2-4, 1964 also called: Tercentenary edition.</subfield></datafield><datafield ind1=" " ind2=" " tag="500"><subfield code="a">Place of publication given as: Passaic-Clifton, N.J.</subfield></datafield><datafield ind1=" " ind2=" " tag="588"><subfield code="a">Description based on: Apr. 13, 1945.</subfield></datafield><datafield ind1=" " ind2="0" tag="651"><subfield code="a">Passaic County (N.J.)</subfield><subfield code="v">Newspapers.</subfield></datafield><datafield ind1=" " ind2="7" tag="655"><subfield code="a">Newspapers.</subfield><subfield code="2">fast</subfield><subfield code="0">(OCoLC)fst01423814</subfield></datafield><datafield ind1=" " ind2="7" tag="651"><subfield code="a">New Jersey</subfield><subfield code="z">Passaic County.</subfield><subfield code="2">fast</subfield><subfield code="0">(OCoLC)fst01219776</subfield></datafield><datafield ind1=" " ind2=" " tag="752"><subfield code="a">United States</subfield><subfield code="b">New Jersey</subfield><subfield code="c">Passaic</subfield><subfield code="d">Passaic.</subfield></datafield><datafield ind1=" " ind2=" " tag="752"><subfield code="a">United States</subfield><subfield code="b">New Jersey</subfield><subfield code="c">Passaic</subfield><subfield code="d">Clifton.</subfield></datafield><datafield ind1="0" ind2="8" tag="776"><subfield code="i">Online version:</subfield><subfield code="t">Herald-news (Passaic, N.J. : Online)</subfield><subfield code="w">(DLC)sn 84026210</subfield><subfield code="w">(OCoLC)137350142</subfield></datafield><datafield ind1="0" ind2="4" tag="780"><subfield code="t">Daily herald (Passaic, N.J.)</subfield></datafield><datafield ind1="0" ind2="4" tag="780"><subfield code="t">Daily news (Passaic, N.J.)</subfield></datafield></record>